@article{eichelsbacher2002bayesian,
  title={Bayesian inference for Markov chains},
  author={Eichelsbacher, Peter and Ganesh, Ayalvadi},
  journal={Journal of applied probability},
  volume={39},
  number={1},
  pages={91--99},
  year={2002},
  publisher={Cambridge University Press}
}
@inproceedings{hajnal2019data,
  title={Data-Informed Parameter Synthesis for Population Markov Chains},
  author={Hajnal, Matej and Nouvian, Morgane and {\v{S}}afr{\'a}nek, David and Petrov, Tatjana},
  booktitle={International Workshop on Hybrid Systems Biology},
  pages={147--164},
  year={2019},
  organization={Springer}
}
@inproceedings{polgreen2016data,
  title={Data-efficient Bayesian verification of parametric Markov chains},
  author={Polgreen, Elizabeth and Wijesuriya, Viraj B and Haesaert, Sofie and Abate, Alessandro},
  booktitle={International Conference on Quantitative Evaluation of Systems},
  pages={35--51},
  year={2016},
  organization={Springer}
}
@article{schnoerr2017approximation,
  title={Approximation and inference methods for stochastic biochemical kineticsâ€”a tutorial review},
  author={Schnoerr, David and Sanguinetti, Guido and Grima, Ramon},
  journal={Journal of Physics A: Mathematical and Theoretical},
  volume={50},
  number={9},
  pages={093001},
  year={2017},
  publisher={IOP Publishing}
}
@article{boys2008bayesian,
  title={Bayesian inference for a discretely observed stochastic kinetic model},
  author={Boys, Richard J and Wilkinson, Darren J and Kirkwood, Thomas BL},
  journal={Statistics and Computing},
  volume={18},
  number={2},
  pages={125--135},
  year={2008},
  publisher={Springer}
}
@misc{tds2019bayesian,
  title = {Bayesian inference, MCMC and variational problem},
  howpublished = {\url{https://towardsdatascience.com/bayesian-inference-problem-mcmc-and-variational-inference-25a8aa9bce29}},
  note = {Accessed: 2020-01-30}
}
@inproceedings{katoen2016probabilistic,
  title={The probabilistic model checking landscape},
  author={Katoen, Joost-Pieter},
  booktitle={Proceedings of the 31st Annual ACM/IEEE Symposium on Logic in Computer Science},
  pages={31--45},
  year={2016}
}

