@article{eichelsbacher2002bayesian,
  title={Bayesian inference for Markov chains},
  author={Eichelsbacher, Peter and Ganesh, Ayalvadi},
  journal={Journal of applied probability},
  volume={39},
  number={1},
  pages={91--99},
  year={2002},
  publisher={Cambridge University Press}
}
@inproceedings{hajnal2019data,
  title={Data-Informed Parameter Synthesis for Population Markov Chains},
  author={Hajnal, Matej and Nouvian, Morgane and {\v{S}}afr{\'a}nek, David and Petrov, Tatjana},
  booktitle={International Workshop on Hybrid Systems Biology},
  pages={147--164},
  year={2019},
  organization={Springer}
}
@inproceedings{polgreen2016data,
  title={Data-efficient Bayesian verification of parametric Markov chains},
  author={Polgreen, Elizabeth and Wijesuriya, Viraj B and Haesaert, Sofie and Abate, Alessandro},
  booktitle={International Conference on Quantitative Evaluation of Systems},
  pages={35--51},
  year={2016},
  organization={Springer}
}
@article{schnoerr2017approximation,
  title={Approximation and inference methods for stochastic biochemical kineticsâ€”a tutorial review},
  author={Schnoerr, David and Sanguinetti, Guido and Grima, Ramon},
  journal={Journal of Physics A: Mathematical and Theoretical},
  volume={50},
  number={9},
  pages={093001},
  year={2017},
  publisher={IOP Publishing}
}
@article{boys2008bayesian,
  title={Bayesian inference for a discretely observed stochastic kinetic model},
  author={Boys, Richard J and Wilkinson, Darren J and Kirkwood, Thomas BL},
  journal={Statistics and Computing},
  volume={18},
  number={2},
  pages={125--135},
  year={2008},
  publisher={Springer}
}
@misc{tds2019bayesian,
  title = {Bayesian inference, MCMC and variational problem},
  howpublished = {\url{https://towardsdatascience.com/bayesian-inference-problem-mcmc-and-variational-inference-25a8aa9bce29}},
  note = {Accessed: 2020-01-30}
}
@inproceedings{katoen2016probabilistic,
  title={The probabilistic model checking landscape},
  author={Katoen, Joost-Pieter},
  booktitle={Proceedings of the 31st Annual ACM/IEEE Symposium on Logic in Computer Science},
  pages={31--45},
  year={2016}
}
@book{baier2008principles,
  title={Principles of model checking},
  author={Baier, Christel and Katoen, Joost-Pieter},
  year={2008},
  publisher={MIT press}
}
@article{hutschenreiter2017parametric,
  title={Parametric Markov chains: PCTL complexity and fraction-free Gaussian elimination},
  author={Hutschenreiter, Lisa and Baier, Christel and Klein, Joachim},
  journal={arXiv preprint arXiv:1709.02093},
  year={2017}
}
@misc{tds2019bayesian,
  title = {Bayesian inference, MCMC and variational problem},
  howpublished = {\url{https://towardsdatascience.com/bayesian-inference-problem-mcmc-and-variational-inference-25a8aa9bce29}},
  note = {Accessed: 2020-01-30}
}
@article{junges2019parameter,
  title={Parameter synthesis for Markov models},
  author={Junges, Sebastian and Abraham, Erika and Hensel, Christian and Jansen, Nils and Katoen, Joost-Pieter and Quatmann, Tim and Volk, Matthias},
  journal={arXiv preprint arXiv:1903.07993},
  year={2019}
}
@article{tu2014dirichlet,
  title={The dirichlet-multinomial and dirichlet-categorical models for bayesian inference},
  author={Tu, Stephen},
  journal={Computer Science Division, UC Berkeley},
  year={2014}
}
@inproceedings{KNP11,
author={M. Kwiatkowska and G. Norman and D. Parker},
title={{PRISM} 4.0: Verification of Probabilistic Real-time Systems},
booktitle={Proc. 23rd International Conference on Computer Aided Verification (CAV'11)},
year={2011},
editor={G. Gopalakrishnan and S. Qadeer},
pages={585--591},
organization={},
publisher={Springer},
series={LNCS},
volume={6806},
address={},
month={},
note={},
key={}
}
@book{baron2019probability,
  title={Probability and statistics for computer scientists},
  author={Baron, Michael},
  year={2019},
  publisher={CRC Press}
}
@article{salvatier2016pymc3,
  title={PyMC3: Python probabilistic programming framework},
  author={Salvatier, John and Wiecki{\^a}, Thomas V and Fonnesbeck, Christopher},
  journal={ascl},
  pages={ascl--1610},
  year={2016}
}
